<?xml version="1.0" encoding="UTF-8"  standalone="yes"?>
<PcGts xmlns="http://schema.primaresearch.org/PAGE/gts/pagecontent/2019-07-15" xmlns:xsi="http://www.w3.org/2001/XMLSchema-instance" xsi:schemaLocation="http://schema.primaresearch.org/PAGE/gts/pagecontent/2019-07-15 http://schema.primaresearch.org/PAGE/gts/pagecontent/2019-07-15/pagecontent.xsd">
  <Metadata>
	<Creator>escriptorium</Creator>
	<Created>2021-01-07T12:45:20.793701+00:00</Created>
    <LastChange>2021-01-07T12:45:20.793752+00:00</LastChange>
  </Metadata>
  <Page imageFilename="FRAN_0150_0002_L-medium.jpg" imageWidth="1564" imageHeight="2000">

    

    
    <TextRegion id="eSc_dummyblock_">
    
    
      <TextLine id="eSc_line_021c1bd5" >
        <Coords points="200,300 203,263 266,260 283,271 311,265 325,275 341,275 345,308 340,316 295,330 260,328 241,313 201,321"/>
        <Baseline points="200,300 345,308"/>
        <TextEquiv>
          <Unicode>~~~</Unicode>
        </TextEquiv>
      </TextLine>

    
    
      <TextLine id="eSc_line_897969dd" >
        <Coords points="396,371 398,341 423,345 440,336 468,345 530,345 551,335 566,343 633,343 641,335 783,341 797,331 803,338 840,331 848,340 880,340 905,328 918,340 935,340 960,330 978,338 1035,336 1048,326 1067,336 1107,325 1183,325 1200,333 1215,325 1243,336 1278,326 1293,335 1325,323 1333,331 1348,323 1377,323 1390,331 1395,360 1387,373 1355,366 1317,371 1305,365 1290,371 1223,366 1212,375 1143,366 1108,376 1093,368 1077,376 1040,368 1032,376 993,371 948,378 940,371 933,378 885,378 850,370 803,376 730,371 723,380 678,381 561,381 551,375 538,383 510,383 500,375 481,383 473,376 416,383 400,375"/>
        <Baseline points="396,371 1395,360"/>
        <TextEquiv>
          <Unicode>J&#39;occupais depuisle mois de Novembre I9II la Préfecture</Unicode>
        </TextEquiv>
      </TextLine>

    
    
      <TextLine id="eSc_line_0bf10e11" >
        <Coords points="310,433 313,410 350,410 358,401 391,401 411,410 426,401 446,408 533,401 548,408 561,398 573,408 595,401 656,408 665,400 800,406 832,393 903,393 933,401 952,393 1018,400 1085,393 1113,403 1142,391 1163,393 1177,403 1218,401 1232,391 1270,400 1292,393 1298,400 1320,395 1357,401 1362,423 1345,433 1297,428 1283,436 1233,428 1220,435 1152,430 1130,438 1107,438 1098,430 1085,438 1033,438 1015,430 1002,438 987,431 963,440 848,435 813,441 790,433 755,441 731,433 698,433 690,440 680,433 633,435 613,443 591,435 571,443 313,440"/>
        <Baseline points="310,433 1362,423"/>
        <TextEquiv>
          <Unicode>du Nord quand, le I4 Janvier I9I3, M. POINCARE, renonçant à sa</Unicode>
        </TextEquiv>
      </TextLine>

    
    
      <TextLine id="eSc_line_081d35cc" >
        <Coords points="313,493 315,466 336,461 360,470 458,470 478,460 530,468 558,460 571,466 583,460 668,466 675,460 760,456 778,465 868,465 892,456 937,463 948,455 1057,463 1092,461 1103,453 1160,461 1227,451 1235,460 1257,460 1272,451 1278,458 1353,460 1358,481 1353,496 1247,488 1230,496 1120,490 1103,498 1093,490 1060,490 1042,500 1010,493 1003,500 897,501 873,493 860,501 792,496 753,503 738,495 698,495 673,503 663,496 618,495 601,505 568,496 548,505 508,496 496,505 486,496 463,496 431,498 423,506 410,498 360,498 353,505 315,498"/>
        <Baseline points="313,493 1358,481"/>
        <TextEquiv>
          <Unicode>tactique de prudente réserve, se décida à prendre le pouvoir.</Unicode>
        </TextEquiv>
      </TextLine>

    
    
      <TextLine id="eSc_line_c9f9a804" >
        <Coords points="311,553 316,523 343,531 391,523 413,531 438,523 458,530 546,530 560,523 626,528 638,520 668,518 785,526 800,518 820,525 828,516 895,525 907,515 948,523 968,515 988,523 1025,523 1035,513 1052,521 1107,521 1118,513 1218,520 1243,511 1257,520 1308,510 1382,518 1387,538 1383,545 1352,545 1343,553 1220,546 1202,555 1158,550 1147,556 1083,556 1063,548 1027,558 910,550 882,560 820,551 788,561 718,553 683,553 660,563 638,555 585,555 573,561 563,555 550,565 525,556 466,556 455,563 438,556 413,566 386,566 375,558 315,561"/>
        <Baseline points="311,553 1387,538"/>
        <TextEquiv>
          <Unicode>Se dérober encore dans les circonstances troubles qui avaient</Unicode>
        </TextEquiv>
      </TextLine>

    
    
      <TextLine id="eSc_line_58ea0f15" >
        <Coords points="313,618 315,593 358,588 381,593 396,585 443,590 451,583 463,590 525,591 553,581 576,590 633,580 663,588 718,581 730,588 740,578 750,585 797,586 835,578 847,586 862,576 948,585 978,578 998,583 1007,575 1057,581 1075,573 1093,580 1108,575 1118,581 1143,573 1152,581 1167,581 1223,575 1300,578 1322,570 1338,578 1378,578 1383,601 1357,613 1342,613 1333,605 1267,608 1258,615 1207,615 1193,608 1173,615 1152,608 1143,616 1125,608 1075,608 1047,618 992,618 982,611 968,618 872,613 847,621 753,621 730,615 718,623 705,615 690,621 678,615 635,615 605,625 545,616 523,625 493,620 470,626 443,618 416,628 383,628 373,620 315,628"/>
        <Baseline points="313,618 1383,601"/>
        <TextEquiv>
          <Unicode>provoqué la chute du cabinet Caillaux, c&#39;eut été compromettre</Unicode>
        </TextEquiv>
      </TextLine>

    
    
      <TextLine id="eSc_line_b398abf8" >
        <Coords points="313,676 316,653 328,646 366,653 381,645 406,650 451,643 475,651 530,651 543,645 633,650 658,641 720,648 726,641 741,648 750,638 775,638 840,646 857,636 870,645 900,636 930,645 948,636 982,643 992,635 1017,643 1058,643 1073,633 1180,641 1192,635 1270,640 1290,630 1388,636 1398,660 1392,666 1345,666 1338,673 1300,665 1288,675 1238,675 1228,666 1195,675 1182,666 1160,668 1152,676 1112,668 1072,678 1045,673 953,680 945,673 913,680 907,673 888,678 860,671 835,681 753,673 738,683 653,675 631,685 568,685 535,676 520,686 453,678 418,688 393,688 381,680 316,680"/>
        <Baseline points="313,676 1398,660"/>
        <TextEquiv>
          <Unicode>la brillante ascension de sa carrière. Les débuts de son Mini-</Unicode>
        </TextEquiv>
      </TextLine>

    
    
      <TextLine id="eSc_line_9e413983" >
        <Coords points="315,738 316,713 333,713 341,705 361,705 370,713 418,713 433,703 493,711 531,705 546,711 566,705 633,710 643,701 666,700 746,700 768,708 785,698 898,706 928,696 953,705 998,696 1028,703 1042,696 1133,703 1148,696 1245,701 1323,691 1332,700 1365,700 1370,723 1328,736 1293,736 1272,728 1232,738 1203,730 1180,738 1143,738 1133,730 1120,736 1113,730 1052,730 1010,741 992,731 915,740 900,733 875,740 818,733 783,745 760,735 736,741 708,735 656,746 581,736 546,748 436,748 423,740 380,748 363,741 351,748 343,740 316,750"/>
        <Baseline points="315,738 1370,723"/>
        <TextEquiv>
          <Unicode>stère étaient pour satisfaire ses plus hautes ambitions. Son</Unicode>
        </TextEquiv>
      </TextLine>

    
    
      <TextLine id="eSc_line_07c00588" >
        <Coords points="316,796 320,773 333,768 443,773 456,761 476,771 593,771 661,760 706,766 713,760 731,765 745,758 763,768 776,761 812,768 828,758 858,765 907,758 925,766 935,758 968,756 1007,766 1023,758 1042,763 1052,755 1147,765 1163,756 1217,763 1240,753 1267,763 1292,751 1313,751 1328,761 1393,761 1407,755 1415,760 1420,783 1387,798 1343,788 1333,795 1327,788 1315,795 1293,788 1287,795 1233,798 1168,790 1143,801 1073,801 1060,791 1015,791 985,803 958,793 888,793 855,801 832,795 743,795 728,805 720,796 688,796 661,806 591,808 576,800 566,808 478,801 460,801 451,810 405,810 391,801 371,808 318,806"/>
        <Baseline points="316,796 1420,783"/>
        <TextEquiv>
          <Unicode>action gouvernementale bénéficiait du prestige que lui valaient</Unicode>
        </TextEquiv>
      </TextLine>

    
    
      <TextLine id="eSc_line_29ca116a" >
        <Coords points="318,860 323,830 390,835 425,825 456,833 528,823 541,830 563,823 575,831 590,825 625,831 638,821 651,828 691,821 728,830 857,826 870,818 883,826 1033,825 1137,813 1162,820 1178,813 1330,820 1360,813 1375,818 1397,810 1415,818 1428,810 1437,841 1432,853 1347,848 1335,855 1267,850 1072,858 1037,851 1022,858 982,853 975,860 930,855 917,861 843,861 827,855 723,865 706,858 648,865 623,858 615,866 523,860 491,868 458,861 321,868"/>
        <Baseline points="318,860 1437,841"/>
        <TextEquiv>
          <Unicode>l’universalité de ses connaissances et une réputation de probité</Unicode>
        </TextEquiv>
      </TextLine>

    
    
      <TextLine id="eSc_line_30a57dac" >
        <Coords points="316,920 320,891 330,886 363,895 375,886 396,895 475,895 495,886 516,893 598,893 611,885 640,885 656,891 668,883 681,891 792,891 802,881 820,890 832,881 943,881 978,888 992,880 1023,888 1032,881 1080,888 1105,881 1125,886 1133,880 1173,886 1205,878 1275,886 1310,876 1335,885 1360,876 1382,885 1397,876 1432,876 1438,908 1430,916 1415,913 1402,920 1305,911 1248,913 1242,920 1200,913 1182,921 1165,913 1132,913 1117,923 1017,923 1007,915 967,915 952,923 922,918 908,925 755,918 676,926 638,918 613,928 596,920 573,926 548,920 536,928 521,920 431,923 423,930 395,921 380,930 355,930 335,921 320,928"/>
        <Baseline points="316,920 1438,908"/>
        <TextEquiv>
          <Unicode>dont tous nos personnages consulaires n’auraient pu se prévaloir</Unicode>
        </TextEquiv>
      </TextLine>

    
    
      <TextLine id="eSc_line_08c7fdf4" >
        <Coords points="318,981 320,946 336,953 351,946 363,956 381,950 425,956 436,948 486,955 496,945 531,955 566,945 601,953 658,941 733,951 760,940 793,940 810,950 840,950 853,941 868,946 885,938 917,938 947,948 985,946 1000,936 1028,946 1058,936 1090,943 1103,936 1168,935 1182,943 1192,933 1210,943 1257,943 1263,936 1272,943 1290,941 1300,931 1322,941 1403,935 1408,965 1372,978 1300,970 1292,976 1235,971 1223,980 1188,980 1182,973 1158,981 1085,973 1063,975 1055,983 1022,975 995,983 975,975 962,985 863,976 825,986 756,978 723,988 655,980 618,981 603,990 583,983 575,990 515,983 480,991 471,985 463,991 378,985 321,993"/>
        <Baseline points="318,981 1408,965"/>
        <TextEquiv>
          <Unicode>Il avait réduit à l’impuissance l&#39;opposition d’adversaires qui</Unicode>
        </TextEquiv>
      </TextLine>

    
    
      <TextLine id="eSc_line_d6e0577a" >
        <Coords points="318,1043 321,1020 348,1018 358,1010 400,1016 410,1008 450,1015 463,1008 506,1013 521,1006 546,1016 563,1006 578,1016 611,1005 663,1015 676,1005 700,1013 718,1003 735,1008 780,1001 837,1011 850,1001 878,1000 952,1003 962,1010 987,1000 1055,1008 1067,1000 1137,1006 1145,998 1155,1005 1167,998 1240,1005 1368,996 1422,1001 1427,1023 1397,1036 1242,1028 1218,1040 1138,1041 1098,1033 1057,1035 1045,1043 968,1038 948,1045 935,1038 918,1045 875,1035 857,1043 848,1036 751,1038 731,1045 718,1038 660,1040 651,1048 636,1040 628,1046 598,1040 570,1051 535,1041 490,1053 453,1053 441,1046 431,1051 420,1043 383,1051 356,1045 343,1055 321,1055"/>
        <Baseline points="318,1043 1427,1023"/>
        <TextEquiv>
          <Unicode>prétendaient que le caractère n&#39;était pas chez lui à la hauteur</Unicode>
        </TextEquiv>
      </TextLine>

    
    
      <TextLine id="eSc_line_b329e644" >
        <Coords points="320,1101 323,1070 371,1076 471,1068 483,1076 505,1076 540,1070 583,1075 600,1068 710,1071 733,1063 741,1071 758,1071 792,1061 830,1070 878,1070 910,1060 972,1068 998,1058 1008,1066 1053,1066 1070,1056 1085,1065 1117,1058 1160,1065 1165,1058 1203,1063 1255,1053 1295,1061 1347,1061 1360,1051 1377,1060 1435,1058 1442,1081 1383,1096 1348,1086 1332,1095 1308,1090 1300,1098 1253,1100 1180,1090 1142,1101 1103,1100 1090,1091 1072,1093 1060,1103 1035,1096 1020,1101 1013,1095 1002,1103 982,1096 960,1105 882,1100 873,1106 760,1101 736,1108 698,1098 621,1110 605,1100 595,1111 555,1110 545,1101 461,1103 440,1113 405,1105 360,1105 351,1113 323,1105"/>
        <Baseline points="320,1101 1442,1081"/>
        <TextEquiv>
          <Unicode>du talent et que sa fermeté que l&#39;on vantait était purement ver-</Unicode>
        </TextEquiv>
      </TextLine>

    
    
      <TextLine id="eSc_line_4918bc3e" >
        <Coords points="321,1163 323,1133 331,1128 353,1140 363,1133 405,1140 431,1126 438,1133 446,1126 483,1126 500,1138 521,1128 543,1136 555,1128 568,1135 585,1126 595,1136 621,1123 690,1121 778,1126 792,1120 822,1130 850,1120 880,1130 965,1130 975,1121 1005,1128 1077,1120 1087,1126 1165,1120 1328,1123 1337,1116 1358,1121 1375,1110 1392,1121 1423,1121 1428,1143 1423,1153 1395,1150 1372,1156 1358,1148 1335,1148 1295,1156 1283,1150 1245,1150 1220,1160 1168,1151 1150,1161 1093,1153 1085,1161 1022,1161 1003,1155 958,1165 920,1156 875,1166 783,1158 740,1168 691,1161 680,1170 643,1170 636,1163 596,1171 550,1163 541,1171 503,1173 480,1165 463,1173 431,1173 421,1165 403,1171 325,1168"/>
        <Baseline points="321,1163 1428,1143"/>
        <TextEquiv>
          <Unicode>bale. Mais à la vérité, ces critiques de parlementaires ne trou-</Unicode>
        </TextEquiv>
      </TextLine>

    
    
      <TextLine id="eSc_line_fd9b8c84" >
        <Coords points="321,1223 323,1188 388,1200 415,1198 438,1186 553,1196 566,1185 578,1190 586,1183 626,1183 640,1195 670,1185 678,1190 686,1181 715,1188 783,1181 827,1191 852,1178 885,1190 915,1188 928,1178 938,1183 945,1176 972,1188 1000,1188 1085,1173 1115,1173 1132,1185 1147,1176 1168,1183 1182,1173 1212,1183 1263,1181 1273,1171 1297,1181 1310,1173 1323,1181 1343,1175 1395,1176 1422,1180 1427,1201 1423,1218 1403,1208 1358,1206 1335,1220 1200,1221 1187,1210 1143,1223 1098,1220 1087,1211 1062,1225 1042,1218 1007,1225 995,1216 958,1225 933,1215 915,1228 903,1221 872,1228 850,1216 802,1228 782,1218 748,1218 736,1225 713,1221 701,1231 673,1225 653,1233 626,1233 615,1223 598,1233 568,1223 543,1233 521,1223 475,1225 461,1233 436,1233 425,1225 406,1225 391,1235 325,1228"/>
        <Baseline points="321,1223 1427,1201"/>
        <TextEquiv>
          <Unicode>vaient qu’un faible écho dans l’opinion. Le vigilance du patri-</Unicode>
        </TextEquiv>
      </TextLine>

    
    
      <TextLine id="eSc_line_32f59ae6" >
        <Coords points="323,1283 325,1253 336,1260 360,1253 385,1260 475,1253 531,1258 543,1246 561,1253 571,1248 581,1256 616,1250 635,1256 653,1245 665,1255 686,1246 700,1255 711,1245 782,1253 828,1243 847,1253 857,1245 918,1245 928,1251 943,1243 952,1251 1018,1241 1057,1246 1065,1238 1137,1238 1147,1246 1168,1236 1197,1243 1235,1236 1248,1245 1307,1236 1365,1241 1377,1266 1345,1280 1332,1271 1315,1280 1285,1271 1263,1280 1253,1273 1167,1273 1118,1283 1105,1275 1068,1275 1057,1285 1043,1276 1028,1285 980,1280 953,1286 880,1286 860,1278 787,1280 761,1288 746,1280 660,1281 650,1290 616,1283 588,1291 556,1283 530,1293 491,1293 470,1285 426,1295 390,1295 381,1286 356,1295 326,1291"/>
        <Baseline points="323,1283 1377,1266"/>
        <TextEquiv>
          <Unicode>otisme, dont le représentant le plus qualifié de le Lorraine</Unicode>
        </TextEquiv>
      </TextLine>

    
    
      <TextLine id="eSc_line_377c4f04" >
        <Coords points="325,1345 326,1311 398,1311 420,1320 471,1313 495,1318 511,1311 565,1316 576,1310 585,1316 651,1310 711,1315 763,1305 771,1311 788,1305 808,1313 845,1305 895,1311 915,1301 942,1310 958,1301 1023,1308 1033,1300 1100,1308 1115,1298 1140,1298 1148,1306 1172,1300 1185,1306 1295,1305 1312,1295 1385,1295 1395,1326 1347,1338 1310,1330 1302,1336 1278,1331 1265,1340 1192,1335 1158,1341 1143,1333 1132,1341 1062,1343 1015,1335 985,1345 915,1336 900,1346 860,1346 843,1338 817,1346 756,1348 748,1340 726,1340 691,1348 678,1341 670,1350 658,1341 615,1351 603,1345 555,1351 520,1343 500,1353 441,1353 423,1345 403,1355 356,1353 348,1346 328,1355"/>
        <Baseline points="325,1345 1395,1326"/>
        <TextEquiv>
          <Unicode>avait donné des preuves en maintes circonstances, rassurait le</Unicode>
        </TextEquiv>
      </TextLine>

    
    
      <TextLine id="eSc_line_0a796008" >
        <Coords points="325,1406 326,1381 348,1376 483,1380 506,1370 593,1378 610,1368 666,1375 725,1366 775,1375 795,1366 812,1373 837,1365 865,1371 893,1365 920,1370 928,1363 990,1370 1022,1361 1047,1370 1083,1360 1118,1360 1137,1368 1225,1366 1232,1358 1257,1365 1270,1356 1282,1365 1325,1358 1345,1363 1387,1355 1407,1361 1412,1386 1400,1401 1363,1395 1340,1401 1322,1393 1313,1401 1300,1396 1275,1403 1252,1393 1230,1405 1205,1395 1190,1401 1145,1395 1112,1406 1050,1396 1020,1406 992,1398 978,1405 918,1403 912,1410 778,1401 760,1408 708,1403 665,1415 640,1405 610,1405 593,1416 501,1418 486,1410 473,1416 465,1408 436,1418 415,1410 375,1420 328,1416"/>
        <Baseline points="325,1406 1412,1386"/>
        <TextEquiv>
          <Unicode>pays qui depuis l’affaire de la Légion Etrangère, suivie de la</Unicode>
        </TextEquiv>
      </TextLine>

    
    
      <TextLine id="eSc_line_215cc246" >
        <Coords points="325,1468 326,1443 341,1435 403,1443 435,1441 445,1433 455,1440 485,1430 603,1438 618,1428 643,1435 658,1428 680,1436 711,1428 730,1436 735,1430 760,1435 766,1428 776,1435 810,1435 815,1428 835,1433 847,1426 875,1433 900,1421 913,1430 923,1421 970,1431 995,1421 1025,1430 1067,1423 1135,1428 1147,1421 1215,1426 1220,1420 1225,1425 1247,1418 1270,1425 1285,1415 1343,1423 1355,1413 1377,1413 1382,1446 1365,1458 1335,1450 1245,1460 1227,1451 1210,1461 1007,1456 990,1463 978,1456 962,1466 947,1458 920,1466 895,1458 877,1468 838,1468 828,1461 808,1470 797,1461 780,1470 755,1461 745,1470 710,1471 671,1463 636,1473 628,1465 590,1465 581,1473 525,1468 518,1475 486,1476 463,1468 450,1476 420,1468 405,1475 388,1470 380,1478 328,1470"/>
        <Baseline points="325,1468 1382,1446"/>
        <TextEquiv>
          <Unicode>crise d’~~~gadir, aspirait à voir à la tête du gouvernement un</Unicode>
        </TextEquiv>
      </TextLine>

    
    
      <TextLine id="eSc_line_f6bb1f7f" >
        <Coords points="326,1531 328,1505 355,1498 363,1505 395,1498 473,1503 490,1495 496,1501 520,1495 558,1501 578,1493 585,1500 625,1500 651,1491 728,1498 758,1490 800,1496 810,1488 828,1495 890,1495 897,1486 903,1493 942,1493 972,1485 992,1491 1020,1485 1033,1491 1058,1483 1132,1490 1148,1481 1180,1488 1220,1481 1235,1486 1242,1480 1287,1486 1350,1481 1372,1485 1377,1510 1373,1521 1365,1515 1345,1520 1302,1513 1263,1523 1222,1515 1170,1518 1162,1525 1112,1518 1102,1526 1062,1518 1048,1525 1005,1520 995,1528 972,1530 893,1521 868,1530 795,1525 780,1533 746,1533 738,1526 720,1535 706,1526 698,1533 625,1536 605,1528 571,1528 560,1538 446,1540 423,1531 355,1541 328,1538"/>
        <Baseline points="326,1531 1377,1510"/>
        <TextEquiv>
          <Unicode>chef capable de prévoir et de prévenir tout péril extérieur.</Unicode>
        </TextEquiv>
      </TextLine>

    
    
      <TextLine id="eSc_line_518336cc" >
        <Coords points="415,1585 420,1551 433,1560 495,1560 513,1550 575,1558 583,1550 591,1556 620,1550 665,1556 673,1548 693,1546 785,1555 792,1546 813,1553 957,1551 973,1541 1013,1541 1060,1550 1127,1540 1137,1548 1158,1548 1193,1538 1248,1546 1257,1536 1285,1545 1293,1536 1330,1536 1343,1545 1348,1568 1327,1585 1282,1575 1252,1586 1217,1576 1202,1586 1183,1581 1153,1588 1138,1578 1127,1586 1083,1578 1047,1590 1022,1580 985,1580 963,1591 953,1583 933,1591 880,1593 835,1583 808,1593 790,1586 782,1595 748,1585 721,1595 705,1585 671,1596 650,1586 636,1596 575,1588 548,1590 540,1598 528,1590 486,1596 460,1590 435,1598 418,1590"/>
        <Baseline points="415,1585 1348,1568"/>
        <TextEquiv>
          <Unicode>En Juillet I9I3 M. Poincaré semblait à l&quot;apogée de sa</Unicode>
        </TextEquiv>
      </TextLine>

    
    
      <TextLine id="eSc_line_257af7c7" >
        <Coords points="328,1651 330,1623 346,1618 391,1618 398,1625 416,1618 488,1623 496,1615 561,1621 576,1613 585,1620 666,1611 736,1618 763,1611 802,1616 808,1610 858,1615 865,1608 903,1606 922,1613 930,1606 1045,1611 1058,1605 1067,1611 1093,1603 1148,1610 1353,1598 1362,1605 1393,1605 1398,1630 1395,1641 1320,1633 1308,1643 1277,1641 1270,1635 1238,1641 1220,1636 1208,1643 1152,1636 1122,1646 1088,1638 1068,1648 988,1640 972,1650 875,1643 820,1653 766,1653 750,1645 711,1653 693,1648 686,1655 665,1648 656,1656 618,1648 605,1656 575,1651 558,1658 521,1650 491,1660 460,1660 443,1651 433,1660 411,1651 373,1661 331,1658"/>
        <Baseline points="328,1651 1398,1630"/>
        <TextEquiv>
          <Unicode>fortune politique et, c’est fort de la confiance dont il était</Unicode>
        </TextEquiv>
      </TextLine>

    
    
      <TextLine id="eSc_line_24a00573" >
        <Coords points="330,1711 331,1681 345,1688 411,1688 448,1676 528,1675 586,1685 616,1673 673,1671 701,1681 728,1675 741,1681 760,1670 785,1680 842,1680 880,1668 902,1678 1043,1675 1055,1665 1073,1665 1085,1675 1120,1668 1200,1671 1210,1665 1265,1671 1282,1660 1323,1660 1345,1670 1352,1663 1367,1668 1378,1658 1407,1668 1422,1660 1430,1665 1435,1690 1427,1701 1348,1705 1293,1705 1280,1698 1263,1706 1225,1706 1208,1698 1180,1698 1170,1705 1137,1700 1095,1710 1065,1701 1048,1710 1018,1703 1008,1711 992,1703 933,1703 923,1711 912,1705 862,1705 850,1711 840,1705 808,1711 771,1706 753,1716 735,1708 691,1715 670,1710 658,1718 630,1710 621,1718 585,1720 528,1711 520,1720 488,1721 423,1713 405,1723 348,1723 333,1715"/>
        <Baseline points="330,1711 1435,1690"/>
        <TextEquiv>
          <Unicode>entouré, qu’il résolut de se rendre en Russie pour resserrer les</Unicode>
        </TextEquiv>
      </TextLine>

    
    
      <TextLine id="eSc_line_95835e02" >
        <Coords points="331,1771 333,1740 416,1746 460,1745 480,1736 503,1743 513,1736 528,1743 580,1743 590,1736 628,1741 635,1735 656,1741 663,1733 671,1740 701,1740 733,1731 750,1738 761,1730 785,1736 800,1730 815,1738 827,1728 853,1736 888,1728 907,1736 942,1728 955,1735 965,1726 990,1725 1162,1730 1170,1721 1212,1730 1315,1728 1332,1718 1345,1726 1375,1720 1395,1726 1420,1716 1448,1720 1453,1753 1437,1761 1402,1756 1383,1765 1375,1756 1337,1756 1328,1763 1318,1756 1310,1763 1288,1758 1277,1766 1213,1760 1200,1766 1132,1761 1098,1768 1067,1761 1015,1771 978,1765 933,1773 903,1765 863,1771 775,1768 765,1776 738,1778 641,1771 626,1780 520,1781 505,1773 465,1783 378,1783 360,1776 351,1785 333,1785"/>
        <Baseline points="331,1771 1245,1751 1453,1753"/>
        <TextEquiv>
          <Unicode>liens qui nous unissaient à notre alliée. Il réalisa son dessein</Unicode>
        </TextEquiv>
      </TextLine>

    
    </TextRegion>
    
  </Page>
</PcGts>
