1588 2000
1324 160 1384 221 6
318 283 1269 331 aussibôt après la clêture qe la session parlemeptaire.
403 346 1424 391 Je ne rendliss à sa rencontre à Arras et je pris place cans
318 406 1426 451 le compartiment dlu brain cui l’emmenait à Bunkercue où l’auben-
316 466 1407 513 qait le croiseur colbept. Ne Ministre de l'Intérleur M. Sbees
318 530 1426 575 l’accompagnait et ne devait le quitter qu’as moment où l pren-
318 585 1376 635 drait la mer. Le Prégident m’invita à partbager leur Céjeuner,
318 646 1427 696 eu Vagon Resteurant. En cours ce Foute je jeur fis part des sé-
318 711 1427 758 Pieuses appréhensions qu'on manifestais dens mon dépertement où
318 771 1444 816 les bruits de guerre trouvaient de plus en plus créance et où on
318 831 1409 878 redoutait cue la Violation le la nationalite belge ne permit a
318 888 1392 941 l’ennemi de tenter l’inyasion par la Trontière du Tord. J’in-
316 948 1462 998 sistals l’autre part sur l’insufgisance des moyeng de police doms
318 1008 1442 1051 je disposais pour jutter contre l’espionnage cont l’afguux inco-
318 1046 1429 1096 ilte d es voyageurs et des bechniciens aliemands dans mon dépar-
320 1100 835 1151 tement demontrait l’activité.
402 1163 1441 1210 Le départ s’effectus sans pomme officielie. Mais, au Petour,
316 1223 1461 1273 à Dunkercue, le Prégident fut accueilli par les plus cheleureuses
318 1286 1407 1335 manifestations. En programme avait eté élabore par le Mairie,
318 1346 1442 1396 ou fieuraienz défile en ville, Péception des antoritée, bemçuets
318 1406 1397 1456 et discours Dès que le Croiseus Tut signalé en rade j’embar-
320 1466 1412 1518 quai à La suite de M. Steez, arpivé pour le cérénonie, sur un
320 1530 1414 1576 tompilleur qul nous concuisit à l’unibé navale qui arboraittle
318 1585 1427 1638 payllion du Présidemt du Consell. M. Poincaré nous accueiliit a
318 1645 1482 1696 la coupée avec un empressemens et une bonne humeur dont il n'étaist
318 1710 1466 1766 pas coutumier et qui auraient temoigné, s’il n’avait pris plaisir
