3072 4608
1137.0 507.0 66.0 64.0 d

1305.0 514.0 962.0 81.0 Du dit gouy Juitre sonrer

834.0 589.0 1791.0 89.0 entre onseens vous Lenie,, ouvier conpour

788.0 675.0 1831.0 81.0 clleur d’hebits, demenant dns finennes pres Canis

791.0 755.0 1866.0 72.0 re Muber, mméro quitante ; Demonden, cour prrant

801.0 831.0 1761.0 80.0 Dune par ; At entien ure Mutre Juiller

810.0 911.0 1847.0 75.0 aatils, demeurant et aoniilie à cairs, tue, deumt

803.0 988.0 1846.0 74.0 nruméro dit hiit ; Defendeur ; Defaiiant ; Doutre

786.0 1066.0 1790.0 77.0 curs ; daiz de fat Par cettre du Serretuire du conserl

801.0 1144.0 1799.0 74.0 se seut hommes du Départenent de la Somepo

752.0 1220.0 1915.0 79.0 l’endustie des Aus en date du Murd vinyt lif Décembre

782.0 1302.0 1813.0 75.0 mif huiq cnt qualle vingt deux Denis pit citef; Duve l

776.0 1384.0 1840.0 74.0 cemparaitre pordevint le dit conseif de Prud nommet seunt

800.0 1464.0 1849.0 70.0 en Burean sartiratier le Meroed vinggt Lept Decemb

803.0 1547.0 1828.0 68.0 mil luiz cut quatre vingt eeux pour le conciler h fuite

777.0 1623.0 1844.0 72.0 Le pouveuz sur la demonde qu’il entenduiz formes contre la

798.0 1709.0 1815.0 70.0 devant le dit consef en sermaine de conq, comme da bagf

795.0 1795.0 1847.0 69.0 qu puiemonz, de la semme de quatante hu franct pout le

803.0 1876.0 1807.0 65.0 en leurlieu L llappel dela caute Douit d

798.0 1959.0 1845.0 63.0 présenta et expoto quaprès une présince de qunnze mo q

803.0 2043.0 1876.0 67.0 ttres; Daval celu re lii cante due contecoup et d’ert le fase

783.0 2120.0 1866.0 64.0 à lai coifler fuire l termame da conqe domne datof de

758.0 2196.0 1899.0 70.0 Le son Ccate Duval se présenta et enpora tmconter

773.0 2278.0 1899.0 65.0 que n’ayant plus de tavuit dinnta le demandeur a en

794.0 2355.0 1807.0 67.0 attensie le detour, le n’etat sempes le con dier

773.0 2433.0 1851.0 66.0 Le lurea dartaulier fut dtavis que canformement à

767.0 2513.0 1872.0 73.0 l’usage Daval devaut saper atenis tvailes une qmaane

789.0 2599.0 1884.0 61.0 huis le cas contraire ln jinzer la somaine a titre ’en vennité

783.0 2672.0 1856.0 67.0 Duval ayant rensté la runte fut tenvizge devant le s’hire

770.0 2754.0 1887.0 64.0 Génerut du Conseil Leguz le fende quatre janvier mis huy cent

800.0 2838.0 1845.0 69.0 quatre ving trois ; Mile poux le du jour quatre subre por

806.0 2918.0 1869.0 61.0 cettre ait secretaire du consuf en da let da ivingt hy Décembre

795.0 2994.0 1887.0 65.0 mil hinq cent quatre vingt, deux a la requeledesseiis Dane

797.0 3069.0 1872.0 63.0 ce comparit par. A dappelde la dute Denis le présan

791.0 3149.0 1870.0 61.0 laitut à le qu’il plut ou Burea Gǵnéral du conseil Anne,

809.0 3223.0 1809.0 73.0 de jouz caittre Duval nontemprant n porsonne pour len

797.0 3306.0 1854.0 70.0 quoique dumenz appelé et pour le profis a candamnee lau

746.0 3392.0 1893.0 64.0 lager avec intérêts jouvent la la la somme de quitante truip

785.0 3472.0 1875.0 68.0 francs à atre de leporotion da domage qu’illu acause en

798.0 3552.0 1850.0 64.0 consediq taut a comp contrairemeq à lasage et laguite et

776.0 3637.0 1888.0 61.0 A con damner ax dépens ? Saurz de diuit - Daiton dren

798.0 3715.0 1761.0 64.0 cean contre Daval non comprion su pessonncou

807.0 3792.0 1761.0 66.0 d Quoique duminq appieleet pour le pisof a jur
