2548 3308
2313 124 2388 192 3.
631 460 2244 545 d'un amour si redoutable ? Elle sait la puissance de
637 581 2120 650 son sourire . Comment lui cacher que je l'aime ?
788 672 2159 749 Tu es mon univers , avec des collines et des
639 777 2098 854 jardins , avec des sources et des moissons . Je
637 876 2192 953 voudrais avoir mille bouches . Je voudrais n'avoir
639 978 2219 1064 jamais besoin de sommeil . Cependant, ne suis-je pas
637 1080 2161 1168 le voyageur qui s'endort , chaque soir , sous des
642 1196 1243 1273 ombrages parfumés ?
788 1279 2161 1375 Tu es mon univers , avec des collines et des
642 1386 2250 1485 jardins , avec des sources et des moissons . Lorsque
639 1505 2104 1582 ton haleine passe sur mon visage , je pense aux
639 1607 2250 1684 brises du Hedjaz , qui ont effeuillé tant de roses .
788 1717 2186 1789 Mes faucons maigrissent sur leurs perchoirs .
639 1791 2313 1891 Mes chevaux perdent l'habitude du mors. L'éclat de mes
642 1907 2288 1993 armes ternit . Qu'importe , puisque l'éclat de tes
645 2012 2156 2097 joues est pareil au coeur sanglant des grenades ,
642 2111 2255 2205 puisque ton ventre est plus souple que le dos de mes
645 2221 2137 2312 coursiers , puisque tes baisers sont des faucons
645 2326 1318 2412 toujours inassouvis !
791 2417 2258 2516 Etendu sur les douces collines de ton corps, je
642 2527 2109 2629 bois à la source de ta bouche en étreignant mes
645 2651 976 2740 moissons .
